@book{Newton,
	publisher = {Publisher},
	author = {Newton, Sir Isaac},
	title = {The Mathematical Principles of Natural Philofophy},
	year = {1729},
	volume = {2},
}
